@misc{www-hid-sp18-601-spoint-website
    author = {Microsoft},
    title = {SharePoint},
    year = 2018,
    url = {https://products.office.com/en-us/sharepoint/collaboration/}
}
%%%
@misc{www-hid-sp18-601-spoint-new-sharepoint
    author = {SharePoint team},
    title = {SharePoint},
    year = 2012,
    url = {https://blogs.office.com/en-us/2012/07/17/the-new-sharepoint/}
}
%%%
@misc{www-hid-sp18-601-odrive-website
    author = {Microsoft},
    title = {Microsoft's OneDrive},
    year = 2018,
    url = {https://onedrive.live.com/about/en-us/}
}

%%%

@misc{www-hid-sp18-601-slatex-documentation
    author = {ShareLatex},
    title = {Documentation},
    year = 2018,
    url = {https://www.sharelatex.com/learn}
}
%%%

@misc{www-hid-sp18-601-slatex-plans
    author = {ShareLatex},
    title = {plans},
    year = 2018,
    url = {https://www.sharelatex.com/user/subscription/plans}
}

%%%


@misc{www-hid-sp18-601-sathome-about
    author = {SETI},
    title = {About},
    year = 2018,
    url = {https://setiathome.berkeley.edu/sah_about.php}
}