@incollection{hid-sp18-601-paper-swat2012multi,
  title={Multi-scale modeling of tissues using CompuCell3D},
  author={Swat, Maciej H and Thomas, Gilberto L and Belmonte, Julio M and Shirinifard, Abbas and Hmeljak, Dimitrij and Glazier, James A},
  booktitle={Methods in cell biology},
  volume={110},
  pages={325--366},
  year={2012},
  publisher={Elsevier}
}

%%%

@article{hid-sp18-601-paper-glazier1993simulation,
  title={Simulation of the differential adhesion driven rearrangement of biological cells},
  author={Glazier, James A and Graner, Fran{\c{c}}ois},
  journal={Physical Review E},
  volume={47},
  number={3},
  pages={2128},
  year={1993},
  publisher={APS}
}

%%%

@article{hid-sp18-601-paper-metropolis1953equation,
  title={Equation of state calculations by fast computing machines},
  author={Metropolis, Nicholas and Rosenbluth, Arianna W and Rosenbluth, Marshall N and Teller, Augusta H and Teller, Edward},
  journal={The journal of chemical physics},
  volume={21},
  number={6},
  pages={1087--1092},
  year={1953},
  publisher={AIP Publishing}
}