@Inbook{editor00,
  author = 	 "",
  editor =       "Ian Editor",
  title =        "The title of book one",
  subtitle =     "The book subtitle",
  series =       "The name of the series one",
  year =         "2007",
  volume = 	 "9",
  address =      "Chicago",
  edition =      "1st.",
  publisher =    "University of Chicago Press",
  doi = 	 "10.1007/3-540-09237-4",
  url = 	 "http://dx.doi.org/10.1007/3-540-09456-9",
  OPTchapter = 	 "",
  OPTpages = 	 "",
  OPTnumber = 	 "",
  OPTtype = 	 "",
  OPTmonth = 	 "",
  OPTnote = 	 "",
}

@Inbook{las-example00,
  author = 	 "Gregor von Laszewski",
  editor =       "Ian Editor",
  title =        "The title of book one",
  subtitle =     "The book subtitle",
  series =       "The name of the series one",
  year =         "2007",
  volume = 	 "9",
  address =      "Chicago",
  edition =      "1st.",
  publisher =    "University of Chicago Press",
  doi = 	 "10.1007/3-540-09237-4",
  url = 	 "http://dx.doi.org/10.1007/3-540-09456-9",
  OPTchapter = 	 "",
  OPTpages = 	 "",
  OPTnumber = 	 "",
  OPTtype = 	 "",
  OPTmonth = 	 "",
  OPTnote = 	 "",
}



@misc{hid-sp18-601-www-sathome-about,
    author = {SETI},
    title = {About},
    year = 2018,
    url = {https://setiathome.berkeley.edu/sah_about.php}
}

%%%

@misc{hid-sp18-601-www-sathome-howworks,
    author = {SETI},
    title = {How SET$@$Home works (archived)},
    year = 2018,
    url = {https://web.archive.org/web/20010801191415/http://setiathome.ssl.berkeley.edu:80/about_seti/about_seti_at_home_1.html}
}


%%%


@misc{hid-sp18-601-www-lhc-at-home-history,
    author = {LHC},
    title = {History},
    year = 2018,
    url = {http://lhcathome.web.cern.ch/about/history}
}

%%%



@misc{hid-sp18-601-www-boinc-projects,
    author = {BOINC},
    title = {Projects},
    year = 2018,
    url = {https://boinc.berkeley.edu/projects.php}
}

%%%

@article{hid-sp18-601-paper-anderson2002seti,
  title={SETI@ home: an experiment in public-resource computing},
  author={Anderson, David P and Cobb, Jeff and Korpela, Eric and Lebofsky, Matt and Werthimer, Dan},
  journal={Communications of the ACM},
  volume={45},
  number={11},
  pages={56--61},
  year={2002},
  publisher={ACM}
}